<record><leader>00000cas a2200000 a 4500</leader><controlfield tag="001">24861406</controlfield><controlfield tag="008">911126d19731983iluwr ne      0   a0eng c</controlfield><datafield ind1=" " ind2=" " tag="010"><subfield code="a">sn 91054202 </subfield></datafield><datafield ind1=" " ind2=" " tag="040"><subfield code="a">NVF</subfield><subfield code="b">eng</subfield><subfield code="c">NVF</subfield><subfield code="d">NVF</subfield><subfield code="d">OCLCQ</subfield><subfield code="d">OCLCF</subfield><subfield code="d">NVF</subfield><subfield code="d">OCLCO</subfield></datafield><datafield ind1="1" ind2=" " tag="029"><subfield code="a">AU@</subfield><subfield code="b">000020738049</subfield></datafield><datafield ind1=" " ind2=" " tag="042"><subfield code="a">pcc</subfield></datafield><datafield ind1=" " ind2=" " tag="043"><subfield code="a">n-us-il</subfield></datafield><datafield ind1="0" ind2=" " tag="130"><subfield code="a">Enterprise (Millstadt, Ill.)</subfield></datafield><datafield ind1="1" ind2="4" tag="245"><subfield code="a">The enterprise.</subfield></datafield><datafield ind1=" " ind2=" " tag="260"><subfield code="a">Millstadt, Ill. :</subfield><subfield code="b">George J. Santner,</subfield><subfield code="c">1973-1983.</subfield></datafield><datafield ind1=" " ind2=" " tag="300"><subfield code="a">v.</subfield></datafield><datafield ind1=" " ind2=" " tag="310"><subfield code="a">Weekly</subfield></datafield><datafield ind1="0" ind2=" " tag="362"><subfield code="a">Sept. 5, 1973-v. 86, no. 32 (Aug. 24, 1983).</subfield></datafield><datafield ind1=" " ind2=" " tag="580"><subfield code="a">Formed by the union of: Millstadt enterprise (Millstadt, Ill. : 1897) and: Canteen news (East Saint Louis, Ill.).</subfield></datafield><datafield ind1=" " ind2="0" tag="651"><subfield code="a">Millstadt (Ill.)</subfield><subfield code="v">Newspapers.</subfield></datafield><datafield ind1=" " ind2="7" tag="651"><subfield code="a">Illinois</subfield><subfield code="z">Millstadt.</subfield><subfield code="2">fast</subfield><subfield code="0">(OCoLC)fst01208858</subfield></datafield><datafield ind1=" " ind2="7" tag="655"><subfield code="a">Newspapers.</subfield><subfield code="2">fast</subfield><subfield code="0">(OCoLC)fst01423814</subfield></datafield><datafield ind1=" " ind2=" " tag="752"><subfield code="a">United States</subfield><subfield code="b">Illinois</subfield><subfield code="c">Saint Clair</subfield><subfield code="d">Millstadt.</subfield></datafield><datafield ind1="1" ind2="4" tag="780"><subfield code="t">Millstadt enterprise (Millstadt, Ill. : 1897)</subfield><subfield code="w">(DLC)sn 87082821</subfield><subfield code="w">(OCoLC)15908425</subfield></datafield><datafield ind1="1" ind2="4" tag="780"><subfield code="t">Canteen news (East Saint Louis, Ill.)</subfield><subfield code="w">(DLC)sn 91054201</subfield><subfield code="w">(OCoLC)24861356</subfield></datafield><datafield ind1="0" ind2="0" tag="785"><subfield code="t">Millstadt enterprise (Millstadt, Ill. : 1983)</subfield><subfield code="w">(DLC)sn 91054203</subfield><subfield code="w">(OCoLC)24861464</subfield></datafield></record>